
@manual{palmerpenguins,
	author = {Allison Marie Horst and Alison Presmanes Hill and Kristen B Gorman},
	doi = {10.5281/zenodo.3960218},
	note = {R package version 0.1.0},
	title = {palmerpenguins: Palmer Archipelago (Antarctica) penguin data},
	url = {https://allisonhorst.github.io/palmerpenguins/},
	year = {2020},
	Bdsk-Url-1 = {https://allisonhorst.github.io/palmerpenguins/},
	Bdsk-Url-2 = {https://doi.org/10.5281/zenodo.3960218}}

@book{abiteboul1995foundations,
	author = {Abiteboul, Serge and Hull, Richard and Vianu, Victor},
	publisher = {Addison-Wesley Reading},
	title = {Foundations of databases},
	volume = {8},
	year = {1995}}

@article{codd1970relational,
	author = {Codd, Edgar F},
	journal = {Communications of the ACM},
	number = {6},
	pages = {377--387},
	title = {A relational model of data for large shared data banks},
	volume = {13},
	year = {1970}}

@online{darwendate2006ttm,
	author = {Darwen, Hugh and Date, C. J.},
	title = {The Third Manifesto},
	url = {https://www.dcs.warwick.ac.uk/~hugh/TTM/},
	Bdsk-Url-1 = {https://www.dcs.warwick.ac.uk/~hugh/TTM/}}

@article{DBLP:journals/corr/abs-1201-4089,
        eprinttype = {arXiv},
        author = {Markus Kr{\"{o}}tzsch and Frantisek Simancik and Ian Horrocks},
        bibsource = {dblp computer science bibliography, https://dblp.org},
        biburl = {https://dblp.org/rec/bib/journals/corr/abs-1201-4089},
        eprint = {1201.4089},
        journal = {CoRR},
        timestamp = {Wed, 07 Jun 2017 14:42:35 +0200},
        title = {A Description Logic Primer},
        url = {http://arxiv.org/abs/1201.4089},
        volume = {abs/1201.4089},
        year = {2012},
        Bdsk-Url-1 = {http://arxiv.org/abs/1201.4089}}

@book{cameron1999sets,
	Author = {Cameron, P.J.},
	Isbn = {9781852330569},
	Lccn = {98029309},
	Publisher = {Springer London},
	Series = {Springer Undergraduate Mathematics Series},
	Title = {Sets, Logic and Categories},
	Url = {https://books.google.co.uk/books?id=sDfdbBQ75MQC},
	Year = {1999},
	Bdsk-Url-1 = {https://books.google.co.uk/books?id=sDfdbBQ75MQC}}
