%% Russel and Norvig

@book{ai:rn,
  title={Artificial Intelligence: A Modern Approach},
  author={Russell, S.J. and Norvig, P.},
  year={2009},
  publisher={Pearson}
}

@article{ai:lords,
title={{AI} in the {UK}: ready, willing, and able?},
author={Select Committee on Artifical Intelligence},
year={2018},
journal={House of Lords},
volume={Session 2017--2019},
numer={100}
}

 
